@incollection{abu-lughod2008,
  author      = "Abu-Lughod, L",
  title       = "Writing against culture",
  editor      = "Oakes, T and Price, P.L.",
  booktitle   = "The Cultural Geography Reader",
  publisher   = "Routledge",
  address     = "Oxon",
  year        = 2008,
  pages       = "62-71",
}

@article{ang2015,
    author = "Ang, I. and Isar, Y.R. and Mar, P.",
    title = "{Cultural diplomacy: beyond the national interest?}",
    journal = "Diplomacy and Statecraft",
    volume = "1",
    number = "1",
    pages = "33-46",
    year = "2015",
}

@incollection{barth1969,
  author      = "Barth, F.",
  title       = "Introduction",
  editor      = "Barth, F.",
  booktitle   = "Ethnic Groups and Boundaries",
  publisher   = "Waveland Press",
  address     = "Long Grove, IL",
  year        = 1969,
  pages       = "9-38",
}

@incollection{bauman1995,
  author      = "Bauman, Z.",
  title       = "Searching for a centre that holds",
  editor      = "Featherstone, M and Lash, S. and Robertson, R.",
  booktitle   = "Global Modernities",
  publisher   = "Sage Publications",
  address     = "London",
  year        = 1995,
  pages       = "140-154",
}

@book{bergerluckmann1966,
    title = {The Social Construction of Reality: A Treatise in the Sociology of Knowledge},
    author = {Berger, P.L. and Luckmann, T.},
    year = {1966},
    publisher = {Penguin},
    address     = "Harmondsworth",
}

@book{berridge2001,
    title = {Diplomatic Theory from Machiavelli to Kissinger},
    author = {Berridge, G.R. and Keens-Soper, M. and Otte, T.},
    year = {2001},
    publisher = {Palgrave Macmillan},
    address     = "London",
}

@incollection{boas1930,
  author      = "Franz Boas",
  title       = "Anthropology",
  editor      = "Seligman, E.R.A.",
  booktitle   = "Encyclopedia of the Social Sciences",
  publisher   = "Macmillan",
  address     = "New York",
  year        = 1930,
  pages       = "?",
}

@incollection{chitty2016,
  author      = "Chitty, N.",
  title       = "Soft power, civic virtue and world politics",
  editor      = "Chitty, N. and Ji, L. and Rawnsley, G.D. and Hayden, C.",
  booktitle   = "Global Modernities",
  publisher   = "Routledge",
  address     = "London",
  year        = 2016,
  pages       = "9-36",
}

@book{cohen1995,
    title = {The Symbolic Construction of Community},
    author = {Cohen, A.P.},
    year = {1995},
    publisher = {Routledge},
    address     = "London",
}

@incollection{chitty2016,
  author      = "Chitty, N.",
  title       = "Soft power, civic virtue and world politics",
  editor      = "Chitty, N. and Ji, L. and Rawnsley, G.D. and Hayden, C.",
  booktitle   = "Global Modernities",
  publisher   = "Routledge",
  address     = "London",
  year        = 2016,
  pages       = "9-36",
}

@incollection{cohen2013,
  author      = "Cohen, R.",
  title       = "Diplomacy through the ages",
  editor      = "Kerr, P. and Wiseman, G.",
  booktitle   = "Diplomacy in a Globalizing World: Theories and Practices",
  publisher   = "Oxford University Press",
  address     = "Oxford",
  year        = 2013,
  pages       = "15-31",
}

@incollection{cooley2018,
  author      = "Cooley, L.",
  title       = "The governance of sport in deeply divided societies: actors and institutions in Bosnia and Herzegovina, Cyprus and Northern Ireland",
  editor      = "Rofe, J.",
  booktitle   = "Sport and diplomacy: Games within games",
  publisher   = "Manchester University Press",
  address     = "Manchester",
  year        = 2018,
  pages       = "13-33",
}

@incollection{cull2008,
  author      = "Cull, N.J.",
  title       = "Public Diplomacy before Gullion",
  editor      = "Snow, N. and Taylor, P.M.",
  booktitle   = "Routledge Handbook of Public Diplomacy",
  publisher   = "Routledge",
  address     = "London",
  year        = 2008,
  pages       = "19-23",
}

@book{david-fox2012,
    title = {Showcasing the Great Experiment: Cultural Diplomacy and Western Visitors to the Soviet Union},
    author = {David-Fox, M.},
    year = {2012},
    publisher = {Oxford University Press},
    address     = "New York",
}

@incollection{dowse2018,
  author      = "Dowse, S.",
  title       = "Mega sports events as political tools: a case study of South Africa’s hosting of the 2010 FIFA World Cup",
  editor      = "Rofe, J.",
  booktitle   = "Sport and diplomacy: Games within games",
  publisher   = "Manchester University Press",
  address     = "Manchester",
  year        = 2018,
  pages       = "70-86",
}

@book{gehlen1980,
    title = {Man in the Age of Technology},
    author = {Gehlen, A.},
    translator = {Lipscomb, P.},
    year = {1980},
    publisher = {Columbia University Press},
    address     = "New York",
}

@incollection{gonçalves2016,
  author      = "Gonçalves, S.",
  title       = "Ballet as a Tool for Cultural Diplomacy in the Cold War: Soviet Ballets in Paris and London, 1954-1968",
  editor      = "Mikkonen, S. and Suutari, P.",
  booktitle   = "Music, Art and Diplomacy: East-West Cultural Interactions and the Cold War",
  publisher   = "Routledge",
  address     = "London",
  year        = 2016,
  pages       = "139-153",
}

@book{hamiltonlanghorne2011,
    title = {The Practice of Diplomacy: Its Evolution, Theory and Administration},
    author = {Hamilton, K. and Langhorne, R.},
    year = {2011},
    publisher = {Routledge},
    address     = "Oxford",
}

@incollection{hartig2016,
  author      = "Hartig, F.",
  title       = "German public diplomacy",
  editor      = "Chitty, N. and Ji, L. and Rawnsley, G.D. and Hayden, C.",
  booktitle   = "The Routledge Handbook of Soft Power",
  publisher   = "Routledge",
  address     = "London",
  year        = 2016,
  pages       = "260-271",
}

@incollection{holt1999,
  author      = "Holt, R.",
  title       = "The Foreign Office and the Football Association: British sport and appeasement 1935-1938",
  editor      = "Arnaud, P. and Riordan, J.",
  booktitle   = "Sport and international politics",
  publisher   = "Routledge",
  address     = "London",
  year        = 1999,
  pages       = "51-66",
}

@book{jönssonhall2005,
    title = {Essence of Diplomacy},
    author = {Jönsson, C. and Hall, M.},
    year = {2005},
    publisher = {Palgrave Macmillan},
    address     = "London",
}

@book{kuper1999,
    title = {Culture: The anthropologist's account},
    author = {Kuper, A.},
    year = {1999},
    publisher = {Harvard University Press},
    address     = "Cambridge",
}

@article{langhorne2000,
    author = "Langhorne, R.",
    title = "{Full circle: new principles and old consequences in the modern diplomatic system}",
    journal = "Diplomacy and Statecraft",
    volume = "1",
    number = "1",
    pages = "33-46",
    year = "2000",
}

@incollection{lenczowski2009,
  author      = "Lenczowski, J.",
  title       = "Cultural Diplomacy, Political Influence \& Integrated Strategy",
  editor      = "Waller, J.M.",
  booktitle   = "Strategic Influence: Public Diplomacy, Counterpropaganda, and Political Warfare",
  publisher   = "The Institute of World Politics Press",
  address     = "Washington",
  year        = 2009,
  pages       = "51-66",
}

@article{manzenreiter2008,
    author = "Manzenreiter, W.",
    title = "{Football diplomacy, post-colonialism and Japan’s quest for normal state status}",
    journal = "Sport in Society",
    volume = "11",
    number = "4",
    pages = "414-428",
    year = "2008",
}

@incollection{melissen2011,
  author      = "Melissen, J.",
  title       = "Beyond the new public diplomacy",
  booktitle   = "Clingendael Paper No. 3",
  publisher   = "Netherlands Institute of International Relations: Clingendael",
  address     = "The Hague",
  year        = 2011,
}

@book{mikkonensuutari2016,
    title = {Music, Art and Diplomacy: East-West Cultural Interactions and the Cold War},
    author = {Mikkonen, S and Suutari, P.},
    year = {2016},
    publisher = {Routledge},
    address     = "London",
}

@book{murray2018,
    title = {Sports Diplomacy: Origins, theory and practice},
    author = {Murray, S.},
    year = {2018},
    publisher = {Routledge},
    address     = "Oxon",
}

@book{prevots2012,
    title = {Dance for Export: Cultural diplomacy and the Cold War},
    author = {Prevots, N.},
    year = {2012},
    publisher = {Wesleyan University Press},
    address     = "Middletown, CT",
}

@incollection{rowe2018,
  author      = "Rowe, D.",
  title       = "Football, diplomacy and Australia in the Asian century",
  editor      = "Rofe, J.",
  booktitle   = "Sport and diplomacy: Games within games",
  publisher   = "Manchester University Press",
  address     = "Manchester",
  year        = 2018,
  pages       = "147-165",
}

@article{sharp2003,
    author = "Sharp, P.",
    title = "{Herbert Butterfield, the English School and the civilizing virtues of diplomacy}",
    journal = "International Affairs",
    volume = "79",
    number = "4",
    pages = "855-878",
    year = "2003",
}

@incollection{shuman2018,
  author      = "Rowe, D.",
  title       = "Friendship is solidarity: the Chinese ping-pong team visits Africa in 1962",
  editor      = "Rofe, J.",
  booktitle   = "Sport and diplomacy: Games within games",
  publisher   = "Manchester University Press",
  address     = "Manchester",
  year        = 2018,
  pages       = "110-129",
}

@incollection{snow2008,
  author      = "Snow, N.",
  title       = "Rethinking Public Diplomacy",
  editor      = "Snow, N and Taylor, P.M.",
  booktitle   = "Routledge Handbook of Public Diplomacy",
  publisher   = "Routledge",
  address     = "London",
  year        = 2008,
  pages       = "3-16",
}

@article{stocking1960,
    author = "Stocking, G.W.",
    title = "{Franz Boas and the Founding of the American Anthropological Association}",
    journal = "American Anthropologist",
    volume = "62",
    number = "1",
    pages = "1-17",
    year = "1960",
}

@incollection{tomlinson2016,
  author      = "Tomlinson, A.",
  title       = "FIFA: “For the game. For the world?”",
  editor      = "Bairner, A. and Kelly, J. and Lee, J.W.",
  booktitle   = "Routledge Handbook of Sport and Politics",
  publisher   = "Routledge",
  address     = "Oxon",
  year        = 2016,
  pages       = "251-265",
}

@book{tylor1958,
    title = {Primitive culture},
    author = {Tylor, E.B.},
    year = {1958},
    publisher = {Harper},
    address     = "New York",
}

@book{xu2008,
    title = {Olympic dreams: China and sports, 1895-2008},
    author = {Xu, G.},
    year = {2008},
    publisher = {Harvard University Press},
    address     = "Cambridge, MA",
}